
@book{harris,
	author = "Harris, James Ross",
	title = "{Beginning Algorithms}",
	year = "2006",
	publisher = "{Wiley Publishing}",
}

@MISC{santos,
	author = "Santos",
	title = "{Bubble Sort}",
	howpublished={\url{http://www.dei.isep.ipp.pt/~i960231/ei/bubblesort.htm}}
}

@MISC{hshah,
	title = "{Quick Sort}",
	howpublished={\url{http://w3.ualg.pt/~hshah/ped/Aula%2014/Quick_final.html}}
}

@MISC{lydia,
	author = "Lydia Sinapova",
	title = "{Sorting Algorithms: QuickSort}",
	howpublished={\url{http://faculty.simpson.edu/lydia.sinapova/www/cmsc250/LN250_Weiss/L16-QuickSort.htm}}
}

@MISC{rosetta-counting,
	title = "{Sorting algorithms/Counting sort}",
	howpublished={\url{http://rosettacode.org/wiki/Sorting_algorithms/Counting_sort#Java}}
}

@MISC{fong,
	author = "Michael Fong",
	title = "{Counting Sort}",
	howpublished={\url{http://www.shannarasite.org/kb/kbsu32.html}}
}

@MISC{robson,
	author = "Robson Srs",
	title = "{Entendendo o Algor√≠tmo Bubble Sort em Java}",
	howpublished={\url{http://www.devmedia.com.br/entendendo-o-algoritmo-bubble-sort-em-java/24812}}
}

@MISC{algolist-selection,
	title = "{Selection Sort}",
	howpublished={\url{http://www.algolist.net/Algorithms/Sorting/Selection_sort}}
}

@MISC{unicamp-insertion,
	title = "{Insertion Sort}",
	howpublished={\url{http://www.ft.unicamp.br/liag/siteEd/definicao/insertion-sort.php}}
}

@MISC{rmuhamma,
	title = "{Insertion Sort}",
	howpublished={\url{http://www.personal.kent.edu/~rmuhamma/Algorithms/MyAlgorithms/Sorting/insertionSort.htm}}
}
